<?xml version="1.0" encoding="UTF-8"?><record xmlns="http://www.loc.gov/MARC21/slim" xmlns:cinclude="http://apache.org/cocoon/include/1.0" xmlns:zs="http://www.loc.gov/zing/srw/">
  <leader>00429cz  a2200133n  4500</leader>
  <controlfield tag="001">nr 88009619 </controlfield>
  <controlfield tag="003">DLC</controlfield>
  <controlfield tag="005">20000324151157.0</controlfield>
  <controlfield tag="008">881011n| acannaab           |n aaa     c</controlfield>
  <datafield tag="010" ind1=" " ind2=" ">
    <subfield code="a">nr 88009619 </subfield>
  </datafield>
  <datafield tag="040" ind1=" " ind2=" ">
    <subfield code="a">NjP</subfield>
    <subfield code="c">NjP</subfield>
    <subfield code="d">DLC</subfield>
  </datafield>
  <datafield tag="100" ind1="1" ind2=" ">
    <subfield code="a">Noble, Christina,</subfield>
    <subfield code="d">1942-</subfield>
  </datafield>
  <datafield tag="670" ind1=" " ind2=" ">
    <subfield code="a">Her Over the high passes, 1987:</subfield>
    <subfield code="b">t.p. (Christina Noble)</subfield>
  </datafield>
  <datafield tag="670" ind1=" " ind2=" ">
    <subfield code="a">BL auth. fiche, April 1999</subfield>
    <subfield code="b">(Noble, Christina, 1942-; b, June 10; Christina Campbell Noble)</subfield>
  </datafield>
</record>